@article{beyn1998numerical,
  title={Numerical Taylor expansions of invariant manifolds in large dynamical systems},
  author={Beyn, Wolf--J{\"u}rgen and Kle{\ss}, Winfried},
  journal={Numerische Mathematik},
  volume={80},
  number={1},
  pages={1--38},
  year={1998},
  publisher={Springer}
}

@book{abraham2012manifolds,
  title={Manifolds, tensor analysis, and applications},
  author={Abraham, Ralph and Marsden, Jerrold E and Ratiu, Tudor},
  volume={75},
  year={2012},
  publisher={Springer Science \& Business Media}
}

@techreport{kolda2006multilinear,
  title={Multilinear operators for higher-order decompositions.},
  author={Kolda, Tamara Gibson},
  year={2006},
  institution={Sandia National Laboratories (SNL), Albuquerque, NM, and Livermore, CA~â€¦}
}